@book { openshift_primer,
	title = "OpenShift Primer -- Get your Code into the Cloud",
	author = "Eric D. Schabell",
	publisher = "Developer.Press",
	isbn = "978-1-909264-07-6",
	year = "2012"
}

@online{ wiki_architecture,
	author = "?",
	title = "OpenShift Wiki -- Architecture Overview",
	url = "https://www.openshift.com/wiki/architecture-overview",
	urldate = {2013-04-26},
	year = 2013
}

% https://www.openshift.com/page/openshift-environment-variables
% https://www.openshift.com/wiki/installing-openshift-origin-using-vagrant-and-puppet
% https://www.openshift.com/developers/scaling
% https://www.openshift.com/wiki/build-your-own

% http://www.linux-magazin.de/Ausgaben/2011/10/Open-Shift

% Dokumentation:
% https://www.openshift.com/documentation
% https://access.redhat.com/site/documentation/OpenShift/?locale=en-US

% Code:
% https://github.com/openshift/origin-server
% https://github.com/openshift/rhc

@manual{ nist_cc,
	title = "The NIST Definition of Cloud Computing",
	author = "Peter Mell, Timothy Grance",
	address = "Computer Security Division, Information Technology Laboratory, National Institute of Standards and Technology, Gaithersburg, MD 20899-8930",
	year = 2011
}

@manual{ os_user_guide,
	title = {{OpenShift All Versions User Guide}},
	author = {{Red Hat Inc.}},
	address = "1801 Varsity Drive Raleigh, NC 27 606-207 2 USA",
	year = 2012
}

@manual{ os_rest,
	title = {{OpenShift -- REST API Guide}},
	author = {{Red Hat Inc.}},
	address = "1801 Varsity Drive Raleigh, NC 27 606-207 2 USA",
	year = 2012
}

@online{ os_enterprise,
	url = "https://www.openshift.com/blogs/announcing-openshift-enterprise-paas-from-redhat",
	urldate = {2013-05-26},
	author = "Jimmy Guerrero",
	title = {{Announcing OpenShift Enterprise -- an On-Premise Platform as a Service from Red Hat}}
}

@online{ os_code,
	url = "https://github.com/openshift",
	urldate = {2013-05-26},
	author = "openshift",
	title = {{OpenShift Origin -- GitHub}}
}

@online{ apache_lic,
	url = "http://www.apache.org/licenses/LICENSE-2.0.html",
	urldate = {2013-05-26},
	author = "Apache Foundation",
	title = {{Apache License, Version 2.0}},
	year = 2004
}

@article{ cloud_kueche,
	title = {{Cloud Küche -- Red Hat Open Shift: Plattform für Webentwickler und Hoster}},
	author = "Mathias Huber",
	journal = "Linux Magazin",
	year = 2011,
	month = 10
}

@online {aws,
	url = "http://aws.amazon.com/de/elasticbeanstalk/",
	title = {{AWS Elastic Beanstalk (Beta)}},
	urldate = {2013-05-26},
	author = {{Amazon Deutschland}}
}

@online {app_engine,
	url = "https://developers.google.com/appengine/",
	title = {{Google App Engine}},
	urldate = {2013-05-26},
	author = {{Google Developers}}
}

@online {azure,
	url = "http://www.windowsazure.com/en-us/home/scenarios/cloud-services/",
	title = {{Cloud Services on Windows Azure}},
	urldate = {2013-05-26},
	author = {{Microsoft}}
}

@online {os_paas,
	url = "https://www.openshift.com/paas",
	title = {{OpenShift Plattform as a Service}},
	urldate = {2013-05-26},
	author = {{Red Hat}}
}

@online {os_cartridge,
	url = "https://www.openshift.com/wiki/introduction-to-cartridge-building",
	title = {{Introduction to Cartridge Building}},
	author = {{OpenShift Wiki}},
	urldate = {2013-05-26}
}

@online {os_architecture,
	url = "https://www.openshift.com/wiki/architecture-overview",
	title = {{Architecture Overview}},
	author = {{OpenShift Wiki}},
	urldate = {2013-05-26}
}

@online {git,
	url = "http://git-scm.com/",
	title = {{Git}},
	author = {{git}},
	urldate = {2013-05-26}
}

@online {os_scaling,
	url = "https://www.openshift.com/developers/scaling",
	title = {{Scale your applications on the web}},
	author = {{Red Hat Inc.}},
	urldate = {2013-05-26}
}

@online {os_buildyourown,
	url = "https://www.openshift.com/wiki/build-your-own",
	title = {{Build your own PaaS on RHEL 6}},
	author = {{OpenShift Wiki}},
	urldate = {2013-05-26}
}

@phdthesis {dis_rest,
	author = "Thomas Fielding",
	title = {{Architectural Styles and the Design of Network-based Software Architectures}},
	school = {{University of California, Irvine}},
	year = 2000
}
